<record><leader>00000cas a22000007a 4500</leader><controlfield tag="001">11864142</controlfield><controlfield tag="007">cr un|||||||||</controlfield><controlfield tag="008">850329c19859999nyumr ne      0   a0eng c</controlfield><datafield ind1=" " ind2=" " tag="010"><subfield code="a">sn 85054886 </subfield></datafield><datafield ind1=" " ind2=" " tag="040"><subfield code="a">NPH</subfield><subfield code="b">eng</subfield><subfield code="c">NPH</subfield><subfield code="d">YOX</subfield><subfield code="d">PIT</subfield><subfield code="d">IUL</subfield><subfield code="d">OCL</subfield><subfield code="d">CNW</subfield><subfield code="d">NYS</subfield><subfield code="d">CUS</subfield><subfield code="d">OCL</subfield><subfield code="d">IUL</subfield><subfield code="d">NSD</subfield><subfield code="d">DLC</subfield><subfield code="d">OCLCQ</subfield><subfield code="d">OCLCA</subfield><subfield code="d">OCLCF</subfield></datafield><datafield ind1=" " ind2=" " tag="012"><subfield code="l">y</subfield><subfield code="m">1</subfield></datafield><datafield ind1=" " ind2=" " tag="019"><subfield code="a">11637529</subfield></datafield><datafield ind1="0" ind2=" " tag="022"><subfield code="a">1946-4487</subfield><subfield code="l">1946-4487</subfield><subfield code="y">0032-2792</subfield><subfield code="2">1</subfield></datafield><datafield ind1="1" ind2=" " tag="029"><subfield code="a">AU@</subfield><subfield code="b">000020372248</subfield></datafield><datafield ind1="1" ind2=" " tag="029"><subfield code="a">ZWZ</subfield><subfield code="b">134481925</subfield></datafield><datafield ind1=" " ind2=" " tag="032"><subfield code="a">437220</subfield><subfield code="b">USPS</subfield></datafield><datafield ind1=" " ind2=" " tag="042"><subfield code="a">nsdp</subfield><subfield code="a">pcc</subfield></datafield><datafield ind1=" " ind2=" " tag="043"><subfield code="a">n-us---</subfield><subfield code="a">n-us-ny</subfield></datafield><datafield ind1="1" ind2="0" tag="050"><subfield code="a">CIO until Microform</subfield></datafield><datafield ind1="1" ind2="0" tag="082"><subfield code="a">070</subfield><subfield code="2">14</subfield></datafield><datafield ind1="0" ind2=" " tag="130"><subfield code="a">Polish American journal (Buffalo, N.Y. : National ed.)</subfield></datafield><datafield ind1=" " ind2="0" tag="222"><subfield code="a">Polish American journal</subfield><subfield code="b">(Buffalo, N.Y. : National ed.)</subfield></datafield><datafield ind1="1" ind2="0" tag="245"><subfield code="a">Polish American journal.</subfield></datafield><datafield ind1="1" ind2="3" tag="246"><subfield code="a">Polonia's voice</subfield></datafield><datafield ind1="1" ind2="3" tag="246"><subfield code="a">Polonia's voice, Polish American journal</subfield></datafield><datafield ind1=" " ind2=" " tag="250"><subfield code="a">[National ed.].</subfield></datafield><datafield ind1=" " ind2=" " tag="260"><subfield code="a">Buffalo, N.Y. :</subfield><subfield code="b">Panagraphics Inc.,</subfield><subfield code="c">1985-</subfield></datafield><datafield ind1=" " ind2=" " tag="300"><subfield code="a">v. :</subfield><subfield code="b">ill. ;</subfield><subfield code="c">42 cm.</subfield></datafield><datafield ind1=" " ind2=" " tag="310"><subfield code="a">Monthly</subfield></datafield><datafield ind1="0" ind2=" " tag="362"><subfield code="a">Vol. 74, no. 1 (Jan. 16, 1985)-</subfield></datafield><datafield ind1=" " ind2=" " tag="500"><subfield code="a">"Polonia's voice" appears prior to the masthead title, 1985-May 1990.</subfield></datafield><datafield ind1=" " ind2=" " tag="530"><subfield code="a">Also issued by subscription via the World Wide Web.</subfield></datafield><datafield ind1=" " ind2=" " tag="580"><subfield code="a">Published in five other eds., 1985-&lt;May 1988&gt;. Published in six other eds., &lt;May 1988-&gt;: Polish National Alliance of Brooklyn, USA, Association of Sons of Poland, Polish Union of USA, Polish Beneficial Association, National, and Union of Poles in America.</subfield></datafield><datafield ind1=" " ind2=" " tag="580"><subfield code="a">Merger of: Pol-Am journal (National ed.), and: Polish American voice.</subfield></datafield><datafield ind1=" " ind2=" " tag="588"><subfield code="a">Latest issue consulted: Vol. 98, no. 11 (Nov. 2009); title from caption.</subfield></datafield><datafield ind1=" " ind2="0" tag="650"><subfield code="a">Polish Americans</subfield><subfield code="v">Newspapers.</subfield></datafield><datafield ind1=" " ind2="0" tag="650"><subfield code="a">Polish Americans</subfield><subfield code="z">New York (State)</subfield><subfield code="z">Buffalo</subfield><subfield code="v">Newspapers.</subfield></datafield><datafield ind1=" " ind2="0" tag="651"><subfield code="a">Buffalo (N.Y.)</subfield><subfield code="v">Newspapers.</subfield></datafield><datafield ind1=" " ind2="7" tag="655"><subfield code="a">Newspapers.</subfield><subfield code="2">fast</subfield><subfield code="0">(OCoLC)fst01423814</subfield></datafield><datafield ind1=" " ind2="7" tag="650"><subfield code="a">Polish Americans.</subfield><subfield code="2">fast</subfield><subfield code="0">(OCoLC)fst01068870</subfield></datafield><datafield ind1=" " ind2="7" tag="651"><subfield code="a">New York (State)</subfield><subfield code="z">Buffalo.</subfield><subfield code="2">fast</subfield><subfield code="0">(OCoLC)fst01205730</subfield></datafield><datafield ind1=" " ind2=" " tag="752"><subfield code="a">United States</subfield><subfield code="b">New York</subfield><subfield code="c">Erie</subfield><subfield code="d">Buffalo.</subfield></datafield><datafield ind1="1" ind2=" " tag="775"><subfield code="t">Polish American journal (Buffalo, N.Y. : Polish National Alliance of Brooklyn, U.S.A. ed.) 1946-4533</subfield><subfield code="w">(DLC)sn 91037348</subfield><subfield code="w">(OCoLC)24473613</subfield></datafield><datafield ind1="1" ind2="4" tag="780"><subfield code="t">Pol-Am journal (Scranton, Pa. : National ed.)</subfield><subfield code="x">0749-0453</subfield><subfield code="w">(DLC)sn 84006855</subfield><subfield code="w">(OCoLC)11109095</subfield></datafield><datafield ind1="1" ind2="4" tag="780"><subfield code="t">Polish American voice</subfield><subfield code="x">0749-0178</subfield><subfield code="w">(DLC)sn 84006781</subfield><subfield code="w">(OCoLC)11052618</subfield></datafield><datafield ind1="4" ind2="1" tag="856"><subfield code="u">http://www.softlineweb.com/softlineweb/ethnic.htm</subfield></datafield></record>